<collection xmlns="http://www.loc.gov/MARC21/slim"><record><leader>00981nam  2200265   450</leader><controlfield tag="001">198</controlfield><controlfield tag="003">http://montalegre.opacnet.com/OPAC/default.aspx?ContentAreaControl=ShowRegHoldings.ascx&amp;RegNo=16662</controlfield><datafield tag="095" ind1=" " ind2=" "><subfield code="a">PTBN01001452</subfield></datafield><datafield tag="100" ind1=" " ind2=" "><subfield code="a">20061013f19401976k  y0pory010305  ba</subfield></datafield><datafield tag="101" ind1="1" ind2=" "><subfield code="a">por</subfield></datafield><datafield tag="102" ind1=" " ind2=" "><subfield code="a">PT</subfield></datafield><datafield tag="200" ind1="1" ind2=" "><subfield code="a">&lt;O &gt;Don Tranquilo</subfield><subfield code="f">Mikhail Cholokhov</subfield></datafield><datafield tag="210" ind1=" " ind2=" "><subfield code="a">Lisboa</subfield><subfield code="c">Livros do Brasil</subfield><subfield code="d">[1940-1976]</subfield></datafield><datafield tag="215" ind1=" " ind2=" "><subfield code="a">2 vol</subfield><subfield code="d">22 cm</subfield></datafield><datafield tag="225" ind1="2" ind2=" "><subfield code="a">Dois mundos</subfield><subfield code="v">104, 104A, 104-B, 104-C</subfield></datafield><datafield tag="675" ind1=" " ind2=" "><subfield code="a">821</subfield><subfield code="v">BN</subfield><subfield code="z">por</subfield></datafield><datafield tag="700" ind1=" " ind2="1"><subfield code="a">Cholokhov</subfield><subfield code="b">Mikail</subfield><subfield code="f">1905-1984</subfield></datafield><datafield tag="801" ind1=" " ind2="0"><subfield code="a">PT</subfield><subfield code="b">Biblioteca Municipal de Montalegre</subfield><subfield code="g">RPC</subfield></datafield><datafield tag="856" ind1=" " ind2=" "><subfield code="u">locateMedia.asp?cod=20060510102753&amp;ext=jpg</subfield><subfield code="z">CAPA</subfield></datafield><datafield tag="856" ind1=" " ind2=" "><subfield code="u">locateMedia.asp?cod=20060510102816&amp;ext=jpg</subfield><subfield code="z">CAPA</subfield></datafield><datafield tag="856" ind1=" " ind2=" "><subfield code="u">locateMedia.asp?cod=20060510110435&amp;ext=jpg</subfield><subfield code="z">CAPA</subfield></datafield><datafield tag="856" ind1=" " ind2=" "><subfield code="u">locateMedia.asp?cod=20060510110502&amp;ext=jpg</subfield><subfield code="z">CAPA</subfield></datafield><datafield tag="909" ind1="&#9;" ind2=" "><subfield code="a">4</subfield></datafield><datafield tag="966" ind1=" " ind2=" "><subfield code="a">0008325</subfield><subfield code="l">BMM</subfield><subfield code="s">SCG 821 CHÓ don 104</subfield></datafield><datafield tag="966" ind1=" " ind2=" "><subfield code="a">0008335</subfield><subfield code="l">BMM</subfield><subfield code="s">SCG 821 CHÓ don 104-A</subfield></datafield><datafield tag="966" ind1=" " ind2=" "><subfield code="a">0008334</subfield><subfield code="l">BMM</subfield><subfield code="s">SCG 821 CHÓ don 104-B</subfield></datafield><datafield tag="966" ind1=" " ind2=" "><subfield code="a">0008336</subfield><subfield code="l">BMM</subfield><subfield code="s">SCG 821 CHÓ don 104-C</subfield></datafield></record></collection>